@article{medina2022per_st,
	author = {{Lupo}, Umberto and {Medina-Mardones}, Anibal M. and {Tauzin}, Guillaume},
	title = "{Persistence Steenrod modules}",
	fjournal = {Journal of Applied and Computational Topology},
	journal = {J. Appl. Comput. Topol.},
	volume={6},
	number={4},
	pages={475--502},
	year = {2022},
	doi = {10.1007/s41468-022-00093-7},
	URL = {https://doi.org/10.1007/s41468-022-00093-7},
	publisher = {Springer}
}

@article{medina2023fast_sq,
	AUTHOR = {{Medina-Mardones}, Anibal M.},
	TITLE = {New formulas for cup-{$i$} products and fast computation of {S}teenrod squares},
	JOURNAL = {Comput. Geom.},
	FJOURNAL = {Computational Geometry. Theory and Applications},
	VOLUME = {109},
	YEAR = {2023},
	ISSN = {0925-7721},
	MRNUMBER = {4473678},
	DOI = {10.1016/j.comgeo.2022.101921},
	URL = {https://doi.org/10.1016/j.comgeo.2022.101921},
}

@article{medina2023fuct_top,
	author = {{Bauer}, Ulrich and {Medina-Mardones}, Anibal M. and {Schmahl}, Maximilian},
	title = "{Persistent homology for functionals}",
	journal = {Commun. Contemp. Math.},
	fjournal = {Communications in Contemporary Mathematics},
	year = {2023},
	doi = {10.1142/S0219199723500554},
	URL = {https://doi.org/10.1142/S0219199723500554},
}

@book {steenrod1962cohomology,
	ISBN = {9780691079240},
	abstract = {Written and revised by D. B. A. Epstein.},
	author = {Steenrod, {N. E.} and Epstein, {D. B. A.}},
	publisher = {Princeton University Press},
	title = {Cohomology Operations: Lectures by N. E. Steenrod.},
	year = {1962},
	URL = {http://www.jstor.org/stable/j.ctt1b7x52h},
}

@inproceedings {may1970general,
	AUTHOR = {May, J. Peter},
	TITLE = {A general algebraic approach to {S}teenrod operations},
	BOOKTITLE = {The {S}teenrod {A}lgebra and its {A}pplications},
	SERIES = {Lecture Notes in Mathematics, Vol. 168},
	PAGES = {153--231},
	PUBLISHER = {Springer, Berlin},
	YEAR = {1970},
	MRCLASS = {55.34 (18.00)},
	MRNUMBER = {0281196},
	MRREVIEWER = {W. D. Barcus},
	url = {https://link.springer.com/chapter/10.1007/BFb0058524}
}

@article{lee2017quantifying,
	title={Quantifying similarity of pore-geometry in nanoporous materials},
	author={Lee, Yongjin and Barthel, Senja D and D{\l}otko, Pawe{\l} and Moosavi, S Mohamad and Hess, Kathryn and Smit, Berend},
	journal={Nature communications},
	volume={8},
	number={1},
	pages={1--8},
	year={2017},
	publisher={Nature Publishing Group},
	url={https://doi.org/10.1038/ncomms15396}
}

@article{adams2022gromov,
	title={{G}romov--{H}ausdorff distances, {B}orsuk--{U}lam theorems, and {V}ietoris--{R}ips complexes},
	author={Adams, Henry and Bush, Johnathan and Clause, Nate and Frick, Florian and G{\'o}mez, Mario and Harrison, Michael and Jeffs, R Amzi and Lagoda, Evgeniya and Lim, Sunhyuk and M{\'e}moli, Facundo and others},
	journal={arXiv preprint arXiv:2301.00246},
	url={https://arxiv.org/abs/2301.00246},
	year={2022}
}

@article{ji2021gromov,
	title = {Gromov–Hausdorff distance between interval and circle},
	journal = {Topology and its Applications},
	volume = {307},
	pages = {107938},
	year = {2022},
	issn = {0166-8641},
	doi = {https://doi.org/10.1016/j.topol.2021.107938},
	url = {https://www.sciencedirect.com/science/article/pii/S0166864121003552},
	author = {Yibo Ji and Alexey A. Tuzhilin},
	keywords = {Gromov-Hausdorff metric geometry},
	abstract = {We calculate the Gromov–Hausdorff distance between an interval and a circle in the Euclidean plane. To do that, we introduced a few new notions like round spaces and nonlinearity degree of a metric space.}
}

@article{lim2021gromov,
	AUTHOR = {Lim, Sunhyuk and M\'{e}moli, Facundo and Smith, Zane},
	TITLE = {The {G}romov-{H}ausdorff distance between spheres},
	JOURNAL = {Geom. Topol.},
	FJOURNAL = {Geometry \& Topology},
	VOLUME = {27},
	YEAR = {2023},
	NUMBER = {9},
	PAGES = {3733--3800},
	ISSN = {1465-3060},
	MRCLASS = {53C23},
	MRNUMBER = {4674839},
	MRREVIEWER = {Wei Zhao},
	DOI = {10.2140/gt.2023.27.3733},
	URL = {https://doi.org/10.2140/gt.2023.27.3733},
}


@article{harrison2023quantitative,
	title={Quantitative upper bounds on the {G}romov-{H}ausdorff distance between spheres},
	author={Harrison, Michael and Jeffs, R Amzi},
	journal={arXiv preprint arXiv:2309.11237},
	url={https://arxiv.org/abs/2309.11237},
	year={2023}
}

@article {saul2024gromov,
	AUTHOR = {Rodr\'{i}guez Mart\'{i}n, Sa\'{u}l},
	TITLE = {Gromov-{H}ausdorff distances from simply connected geodesic
	spaces to the circle},
	JOURNAL = {Proc. Amer. Math. Soc. Ser. B},
	FJOURNAL = {Proceedings of the American Mathematical Society. Series B},
	VOLUME = {11},
	YEAR = {2024},
	PAGES = {624--637},
	MRCLASS = {51F30 (05C05 53C23 57M05)},
	MRNUMBER = {4840249},
	DOI = {10.1090/bproc/243},
	URL = {https://doi.org/10.1090/bproc/243},
}

@article{saul2024some,
	title={Some novel constructions of optimal Gromov--Hausdorff--optimal correspondences between spheres},
	author={Rodr{\'i}guez Mart{\'i}n, Sa{\'u}l},
	journal={arXiv preprint arXiv:2409.02248},
	url={https://arxiv.org/abs/2409.02248},
	year={2024}
}

@article{memoli2012some,
	title     = {Some Properties of Gromov–Hausdorff Distances},
	author    = {Mémoli, Facundo},
	journal   = {Discrete \& Computational Geometry},
	volume    = {48},
	number    = {2},
	pages     = {416--440},
	year      = {2012},
	doi       = {10.1007/s00454-012-9406-8},
	url       = {https://doi.org/10.1007/s00454-012-9406-8}
}

@article{ivanov2019gromov,
	title={The {G}romov--{H}ausdorff Distances between simplexes and ultrametric spaces},
	author={Ivanov, Alexander O and Tuzhilin, Alexey A},
	journal={arXiv preprint arXiv:1907.03828},
	url = {https://arxiv.org/abs/1907.03828},
	year={2019}
}

@article{talipov2022gromov,
	AUTHOR = {Talipov, Talant K.},
	TITLE = {The {G}romov-{H}ausdorff distance between vertex sets of
	regular polygons inscribed in a single circle},
	NOTE = {Translation of Vestnik Moskov. Univ. Ser. I Mat. Mekh.
	{{\bf{2}}023}, no. 3, 23--27},
	JOURNAL = {Moscow Univ. Math. Bull.},
	FJOURNAL = {Moscow University Mathematics Bulletin},
	VOLUME = {78},
	YEAR = {2023},
	NUMBER = {3},
	PAGES = {130--135},
	ISSN = {0027-1322},
	MRCLASS = {54E35},
	MRNUMBER = {4641158},
	URL = {https://arxiv.org/abs/2210.09971}
}

@article{gakhar2019k,
	title={Künneth formulae in persistent homology},
	author={Gakhar, Hitesh and Perea, Jose A},
	eprint={1910.05656},
	journal={arXiv preprint arXiv:1910.05656},
	url={https://arxiv.org/abs/1910.05656},
	year={2019}
}


@article{zhou2023persistent,
	title={Persistent Sullivan minimal models of metric spaces},
	author={Zhou, Ling},
	eprint = {2310.06263},
	journal={arXiv preprint arXiv:2310.06263},
	url ={https://arxiv.org/abs/2310.06263},
	year={2023}
}


@article{memoli2024persistenthomotopy,
	title={Persistent homotopy groups of metric spaces},
	author={M{\'e}moli, Facundo and Zhou, Ling},
	journal={Journal of Topology and Analysis},
	pages={1--62},
	year={2024},
	publisher={World Scientific},
	doi       = {10.1142/S1793525324500018},
	url       = {https://doi.org/10.1142/S1793525324500018}
}


@article{memoli2025ephemeral,
	author    = {Facundo Mémoli and Ling Zhou},
	title     = {Ephemeral persistence features and the stability of filtered chain complexes},
	journal   = {Journal of Computational Geometry},
	volume    = {15},
	number    = {2},
	year      = {2024},
	pages     = {},
	doi       = {10.20382/jocg.v15.i2.a8},
	url       = {https://jocg.org/index.php/jocg/article/view/5193},
	note      = {Special Issue of Selected Papers from SoCG 2023}
}

@article{BubenikDeSilvaScott2016,
	author = {Bubenik, Peter and de Silva, Vin and Scott, Jonathan},
	title = {Interleaving and Gromov--Hausdorff Distance},
	journal = {Found. Comput. Math.},
	fjournal = {Foundations of Computational Mathematics},
	volume = {16},
	number = {6},
	pages = {1363--1396},
	year = {2016},
	doi = {10.1007/s10208-015-9267-2}
}

@article{CohenSteiner2007stability,
	author = {Cohen-Steiner, Herbert and Edelsbrunner, Herbert and Harer, John},
	title = {Stability of persistence diagrams},
	journal = {Discrete \& Computational Geometry},
	volume = {37},
	number = {1},
	pages = {103--120},
	year = {2007},
	doi = {10.1007/s00454-006-1276-5}
}

@inproceedings{Chazal2009ghstable,
	author = {Chazal, Frédéric and Cohen-Steiner, David and Guibas, Leonidas J. and Mémoli, Facundo and Oudot, Steve Y.},
	title = {Gromov--Hausdorff Stable Signatures for Shapes Using Persistence},
	booktitle = {Proceedings of the Symposium on Geometry Processing (SGP)},
	pages = {1393--1403},
	publisher = {Eurographics Association},
	year = {2009},
	doi = {10.1111/j.1467-8659.2009.01523.x}
}

@article{Chazal2014persistence,
	author = {Chazal, Frédéric and de Silva, Vin and Oudot, Steve},
	title = {Persistence Stability for Geometric Complexes},
	journal = {Geometriae Dedicata},
	volume = {173},
	pages = {193--214},
	year = {2014},
	doi = {10.1007/s10711-013-9937-z},
	mrnumber = {3275299}
}

@article{postol2023persistence,
	title={Algebraic Topology for Data Scientists},
	author={Michael S. Postol},
	year={2023},
	eprint={2308.10825},
	journal={arXiv preprint arXiv:2308.10825},
	primaryClass={math.AT},
	url={https://arxiv.org/abs/2308.10825},
}

@article{hess2024minimalmodels,
	title={Cell decompositions of persistent minimal models},
	author={Kathryn Hess and Samuel Lavenir and Kelly Maggs},
	year={2024},
	eprint={2312.08326},
	journal={arXiv preprint arXiv:2312.08326},
	primaryClass={math.AT},
	url={https://arxiv.org/abs/2312.08326},
}

@article {herscovich2018persistence,
	AUTHOR = {Herscovich, Estanislao},
	TITLE = {A higher homotopic extension of persistent (co)homology},
	JOURNAL = {J. Homotopy Relat. Struct.},
	FJOURNAL = {Journal of Homotopy and Related Structures},
	VOLUME = {13},
	YEAR = {2018},
	NUMBER = {3},
	PAGES = {599--633},
	ISSN = {2193-8407},
	MRCLASS = {55N35 (16E45 16W70 18G55 55U10)},
	MRNUMBER = {3856303},
	MRREVIEWER = {Timothy Porter},
	DOI = {10.1007/s40062-017-0195-x},
	URL = {https://doi.org/10.1007/s40062-017-0195-x},
}

@article{ginot2019distances,
	author       = {Gr\'egory Ginot and Johan Leray},
	title        = {Multiplicative persistent distances},
	year         = {2019},
	journal={arXiv preprint arXiv:1905.12307},
	url={https://arxiv.org/abs/1905.12307}
}

@article {belchi2022persistence,
	AUTHOR = {Belch\'i, Francisco and Stefanou, Anastasios},
	TITLE = {{$A_\infty$} persistent homology estimates detailed topology from pointcloud datasets},
	JOURNAL = {Discrete Comput. Geom.},
	FJOURNAL = {Discrete & Computational Geometry. An International Journal	of Mathematics and Computer Science},
	VOLUME = {68},
	YEAR = {2022},
	NUMBER = {1},
	PAGES = {274--297},
	ISSN = {0179-5376},
	MRCLASS = {55N31},
	MRNUMBER = {4430289},
	MRREVIEWER = {Marc Ethier},
	DOI = {10.1007/s00454-021-00319-y},
	URL = {https://doi.org/10.1007/s00454-021-00319-y},
}

@book {polterovich2020persistence,
	AUTHOR = {Polterovich, Leonid and Rosen, Daniel and Samvelyan, Karina
	and Zhang, Jun},
	TITLE = {Topological persistence in geometry and analysis},
	SERIES = {University Lecture Series},
	VOLUME = {74},
	PUBLISHER = {American Mathematical Society, Providence, RI},
	YEAR = {2020},
	PAGES = {xi+128},
	ISBN = {978-1-4704-5495-1},
	MRCLASS = {55N31 (53Dxx 58Cxx)},
	MRNUMBER = {4249570},
	MRREVIEWER = {Walter D. Freyn},
	URL = {https://arxiv.org/abs/1904.04044}
}

@article{carlsson2013viral,
	author    = {Chan, Joseph Minhow and Carlsson, Gunnar and Rabadan, Raul},
	title     = {Topology of viral evolution},
	journal   = {Proceedings of the National Academy of Sciences},
	volume    = {110},
	number    = {46},
	pages     = {18566--18571},
	year      = {2013},
	doi       = {10.1073/pnas.1313480110},
	url       = {https://doi.org/10.1073/pnas.1313480110},
}

@incollection {hausmann1995vietoris,
	AUTHOR = {Hausmann, Jean-Claude},
	TITLE = {On the {V}ietoris-{R}ips complexes and a cohomology theory for
	metric spaces},
	BOOKTITLE = {Prospects in topology ({P}rinceton, {NJ}, 1994)},
	SERIES = {Ann. of Math. Stud.},
	VOLUME = {138},
	PAGES = {175--188},
	PUBLISHER = {Princeton Univ. Press, Princeton, NJ},
	YEAR = {1995},
	MRCLASS = {57M99 (54E99 55N35)},
	MRNUMBER = {1368659},
	URL = {https://publish.illinois.edu/ymb/files/2020/03/Hausmann-1995-On-the-Vietoris-Rips-complexes-and-a-cohomology-th.pdf}
}

@article {gromov1983filling,
	AUTHOR = {Gromov, Mikhael},
	TITLE = {Filling {R}iemannian manifolds},
	JOURNAL = {J. Differential Geom.},
	FJOURNAL = {Journal of Differential Geometry},
	VOLUME = {18},
	YEAR = {1983},
	NUMBER = {1},
	PAGES = {1--147},
	ISSN = {0022-040X},
	MRCLASS = {53C20 (53C21 57R99)},
	MRNUMBER = {697984},
	MRREVIEWER = {Yu. Burago},
	URL = {http://projecteuclid.org/euclid.jdg/1214509283},
}

@phdthesis{aubrey2011thesis,
	AUTHOR = {HB, Aubrey},
	TITLE = {Persistent {C}ohomology {O}perations},
	NOTE = {Thesis (Ph.D.)--Duke University},
	PUBLISHER = {ProQuest LLC, Ann Arbor, MI},
	YEAR = {2011},
	PAGES = {119},
	ISBN = {978-1124-60902-7},
	MRCLASS = {Thesis},
	MRNUMBER = {2873406},
	URL = {http://gateway.proquest.com/openurl?url_ver=Z39.88-2004&rft_val_fmt=info:ofi/fmt:kev:mtx:dissertation&res_dat=xri:pqdiss&rft_dat=xri:pqdiss:3453041},
}

@article {bubenik2015metrics,
	AUTHOR = {Bubenik, Peter and de Silva, Vin and Scott, Jonathan},
	TITLE = {Metrics for generalized persistence modules},
	JOURNAL = {Found. Comput. Math.},
	FJOURNAL = {Foundations of Computational Mathematics. The Journal of the
	Society for the Foundations of Computational Mathematics},
	VOLUME = {15},
	YEAR = {2015},
	NUMBER = {6},
	PAGES = {1501--1531},
	ISSN = {1615-3375},
	MRCLASS = {55N35 (55U10)},
	MRNUMBER = {3413628},
	MRREVIEWER = {Mikael Vejdemo Johansson},
	DOI = {10.1007/s10208-014-9229-5},
	URL = {https://doi.org/10.1007/s10208-014-9229-5},
}

@article {blumberg2023interleaving,
	AUTHOR = {Blumberg, Andrew J. and Lesnick, Michael},
	TITLE = {Universality of the homotopy interleaving distance},
	JOURNAL = {Trans. Amer. Math. Soc.},
	FJOURNAL = {Transactions of the American Mathematical Society},
	VOLUME = {376},
	YEAR = {2023},
	NUMBER = {12},
	PAGES = {8269--8307},
	ISSN = {0002-9947},
	MRCLASS = {55P99 (55U99)},
	MRNUMBER = {4669297},
	DOI = {10.1090/tran/8738},
	URL = {https://doi.org/10.1090/tran/8738},
}

@article {chazal2014geometric,
	AUTHOR = {Chazal, Fr\'{e}d\'{e}ric and de Silva, Vin and Oudot, Steve},
	TITLE = {Persistence stability for geometric complexes},
	JOURNAL = {Geom. Dedicata},
	FJOURNAL = {Geometriae Dedicata},
	VOLUME = {173},
	YEAR = {2014},
	PAGES = {193--214},
	ISSN = {0046-5755},
	MRCLASS = {55N35 (55U10)},
	MRNUMBER = {3275299},
	MRREVIEWER = {Peter Bubenik},
	DOI = {10.1007/s10711-013-9937-z},
	URL = {https://doi.org/10.1007/s10711-013-9937-z},
}

@book {mosheroperations1968,
	AUTHOR = {Mosher, Robert E. and Tangora, Martin C.},
	TITLE = {Cohomology operations and applications in homotopy theory},
	PUBLISHER = {Harper \& Row, Publishers, New York-London},
	YEAR = {1968},
	PAGES = {x+214},
	MRCLASS = {55.40},
	MRNUMBER = {226634},
	MRREVIEWER = {Larry Smith},
	URL = {https://archive.org/details/cohomologyoperat0000mosh}
}

@article {Crawley-Boevey.2015,
	AUTHOR = {Crawley-Boevey, William},
	TITLE = {Decomposition of pointwise finite-dimensional persistence modules},
	JOURNAL = {J. Algebra Appl.},
	FJOURNAL = {Journal of Algebra and its Applications},
	VOLUME = {14},
	YEAR = {2015},
	NUMBER = {5},
	PAGES = {1550066, 8},
	ISSN = {0219-4988},
	MRCLASS = {16G20},
	MRNUMBER = {3323327},
	MRREVIEWER = {M\'{a}ty\'{a}s Domokos},
	DOI = {10.1142/S0219498815500668},
	URL = {https://doi.org/10.1142/S0219498815500668},
}

@article {Chazal.2016b,
	AUTHOR = {Chazal, Fr\'{e}d\'{e}ric and Crawley-Boevey, William and de Silva,
	Vin},
	TITLE = {The observable structure of persistence modules},
	JOURNAL = {Homology Homotopy Appl.},
	FJOURNAL = {Homology, Homotopy and Applications},
	VOLUME = {18},
	YEAR = {2016},
	NUMBER = {2},
	PAGES = {247--265},
	ISSN = {1532-0073},
	MRCLASS = {55U05 (55N99)},
	MRNUMBER = {3575998},
	MRREVIEWER = {Ne\v{z}a Mramor Kosta},
	DOI = {10.4310/HHA.2016.v18.n2.a14},
	URL = {https://doi.org/10.4310/HHA.2016.v18.n2.a14},
}

@book {Chazal.2016a,
	AUTHOR = {Chazal, Fr\'{e}d\'{e}ric and de Silva, Vin and Glisse, Marc and Oudot,
	Steve},
	TITLE = {The structure and stability of persistence modules},
	SERIES = {Springer Briefs in Mathematics},
	PUBLISHER = {Springer},
	YEAR = {2016},
	PAGES = {x+120},
	ISBN = {978-3-319-42543-6},
	MRCLASS = {55N10 (16G20 55U10)},
	MRNUMBER = {3524869},
	MRREVIEWER = {Henry Hugh Adams},
	DOI = {10.1007/978-3-319-42545-0},
	URL = {https://doi.org/10.1007/978-3-319-42545-0},
}

@article {azumaya1950theorem,
	AUTHOR = {Azumaya, Gor\^{o}},
	TITLE = {Corrections and supplementaries to my paper concerning
	{K}rull-{R}emak-{S}chmidt's theorem},
	JOURNAL = {Nagoya Math. J.},
	FJOURNAL = {Nagoya Mathematical Journal},
	VOLUME = {1},
	YEAR = {1950},
	PAGES = {117--124},
	ISSN = {0027-7630},
	MRCLASS = {09.1X},
	MRNUMBER = {37832},
	MRREVIEWER = {I. Kaplansky},
	URL = {http://projecteuclid.org/euclid.nmj/1118764711},
}

@article{adamaszek2020homotopy,
	AUTHOR = {Adamaszek, Micha\l  and Adams, Henry and Gasparovic, Ellen and
	Gommel, Maria and Purvine, Emilie and Sazdanovic, Radmila and
	Wang, Bei and Wang, Yusu and Ziegelmeier, Lori},
	TITLE = {On homotopy types of {V}ietoris--{R}ips complexes of metric
	gluings},
	JOURNAL = {J. Appl. Comput. Topol.},
	FJOURNAL = {Journal of Applied and Computational Topology},
	VOLUME = {4},
	YEAR = {2020},
	NUMBER = {3},
	PAGES = {425--454},
	ISSN = {2367-1726},
	MRCLASS = {55N31 (55U10)},
	MRNUMBER = {4130978},
	MRREVIEWER = {Jerzy Jezierski},
	DOI = {10.1007/s41468-020-00054-y},
	URL = {https://doi.org/10.1007/s41468-020-00054-y},
}

@book{burago2001course,
	AUTHOR = {Burago, Dmitri and Burago, Yuri and Ivanov, Sergei},
	TITLE = {A course in metric geometry},
	SERIES = {Graduate Studies in Mathematics},
	VOLUME = {33},
	PUBLISHER = {American Mathematical Society, Providence, RI},
	YEAR = {2001},
	PAGES = {xiv+415},
	ISBN = {0-8218-2129-6},
	MRCLASS = {53C23},
	MRNUMBER = {1835418},
	MRREVIEWER = {Mario Bonk},
	DOI = {10.1090/gsm/033},
	URL = {https://doi.org/10.1090/gsm/033},
}

@article{adams2022metric,
	AUTHOR = {Adams, Henry and Heim, Mark and Peterson, Chris},
	TITLE = {Metric thickenings and group actions},
	JOURNAL = {J. Topol. Anal.},
	FJOURNAL = {Journal of Topology and Analysis},
	VOLUME = {14},
	YEAR = {2022},
	NUMBER = {3},
	PAGES = {587--613},
	ISSN = {1793-5253},
	MRCLASS = {55N31 (05E45 20F65 54E35 55P10)},
	MRNUMBER = {4493474},
	MRREVIEWER = {Walter D. Freyn},
	DOI = {10.1142/S1793525320500569},
	URL = {https://doi.org/10.1142/S1793525320500569},
}

@article{lim2024vietoris,
	AUTHOR = {Lim, Sunhyuk and M\'{e}moli, Facundo and Okutan, Osman Berat},
	TITLE = {Vietoris--{R}ips persistent homology, injective metric spaces,
	and the filling radius},
	JOURNAL = {Algebr. Geom. Topol.},
	FJOURNAL = {Algebraic \& Geometric Topology},
	VOLUME = {24},
	YEAR = {2024},
	NUMBER = {2},
	PAGES = {1019--1100},
	ISSN = {1472-2747},
	MRCLASS = {55N31 (53C23)},
	MRNUMBER = {4735051},
	DOI = {10.2140/agt.2024.24.1019},
	URL = {https://doi.org/10.2140/agt.2024.24.1019},
}

@article{katz1983filling,
	AUTHOR = {Katz, Mikhail},
	TITLE = {The filling radius of two--point homogeneous spaces},
	JOURNAL = {J. Differential Geom.},
	FJOURNAL = {Journal of Differential Geometry},
	VOLUME = {18},
	YEAR = {1983},
	NUMBER = {3},
	PAGES = {505--511},
	ISSN = {0022-040X},
	MRCLASS = {53C20 (53C35)},
	MRNUMBER = {723814},
	MRREVIEWER = {Rolf Sulanke},
	URL = {http://projecteuclid.org/euclid.jdg/1214437785},
}

@book{hatcher2000,
	AUTHOR = {Hatcher, Allen},
	TITLE = {Algebraic topology},
	PUBLISHER = {Cambridge University Press, Cambridge},
	YEAR = {2002},
	PAGES = {xii+544},
	MRCLASS = {55-01 (55-00)},
	MRNUMBER = {1867354},
	MRREVIEWER = {Donald W. Kahn},
	URL = "https://cds.cern.ch/record/478079"
}

@article{adamaszek2017vietoris,
	AUTHOR = {Adamaszek, Micha\l  and Adams, Henry and Gasparovic, Ellen and
	Gommel, Maria and Purvine, Emilie and Sazdanovic, Radmila and
	Wang, Bei and Wang, Yusu and Ziegelmeier, Lori},
	TITLE = {Vietoris--{R}ips and \v{C}ech complexes of metric gluings},
	BOOKTITLE = {34th {I}nternational {S}ymposium on {C}omputational
	{G}eometry},
	SERIES = {LIPIcs. Leibniz Int. Proc. Inform.},
	VOLUME = {99},
	PAGES = {Art. No. 3, 15},
	PUBLISHER = {Schloss Dagstuhl. Leibniz-Zent. Inform., Wadern},
	YEAR = {2018},
	MRCLASS = {68U05 (55N05)},
	MRNUMBER = {3824247},
	DOI={10.4230/LIPIcs.SoCG.2018.3},
	URL={https://doi.org/10.4230/LIPIcs.SoCG.2018.3}
}

@article{memoli2024persistent,
	AUTHOR = {M\'{e}moli, Facundo and Stefanou, Anastasios and Zhou, Ling},
	TITLE = {Persistent cup product structures and related invariants},
	JOURNAL = {J. Appl. Comput. Topol.},
	FJOURNAL = {Journal of Applied and Computational Topology},
	VOLUME = {8},
	YEAR = {2024},
	NUMBER = {1},
	PAGES = {93--148},
	ISSN = {2367-1726},
	MRCLASS = {55U99 (55M30 55N20)},
	MRNUMBER = {4707458},
	DOI = {10.1007/s41468-023-00138-5},
	URL = {https://doi.org/10.1007/s41468-023-00138-5},
}

@article{adamaszek2018metric,
	AUTHOR = {Adamaszek, Micha\l  and Adams, Henry and Frick, Florian},
	TITLE = {Metric reconstruction via optimal transport},
	JOURNAL = {SIAM J. Appl. Algebra Geom.},
	FJOURNAL = {SIAM Journal on Applied Algebra and Geometry},
	VOLUME = {2},
	YEAR = {2018},
	NUMBER = {4},
	PAGES = {597--619},
	MRCLASS = {54E35 (53C23 55P10 55U10)},
	MRNUMBER = {3871057},
	MRREVIEWER = {Thomas H\"{u}ttemann},
	DOI = {10.1137/17M1148025},
	URL = {https://doi.org/10.1137/17M1148025},
}

@article{gillespie2024vietoris,
	AUTHOR = {Gillespie, Patrick},
	TITLE = {Vietoris thickenings and complexes are weakly homotopy equivalent},
	JOURNAL = {J. Appl. Comput. Topol.},
	FJOURNAL = {Journal of Applied and Computational Topology},
	VOLUME = {8},
	YEAR = {2024},
	NUMBER = {1},
	PAGES = {35--53},
	ISSN = {2367-1726},
	MRCLASS = {55N31 (55P10)},
	MRNUMBER = {4707456},
	DOI = {10.1007/s41468-023-00135-8},
	URL = {https://doi.org/10.1007/s41468-023-00135-8},
}

%I cannot find a doi for this paper
@article{lovasz1983self,
	AUTHOR = {Lov{\'a}sz, L{\'a}sl{\'o}},
	TITLE = {Self--dual polytopes and the chromatic number of distance graphs on the sphere},
	JOURNAL = {Acta Sci. Math. (Szeged)},
	FJOURNAL = {Acta Universitatis Szegediensis. Acta Scientiarum
	Mathematicarum},
	VOLUME = {45},
	YEAR = {1983},
	NUMBER = {1-4},
	PAGES = {317--323},
	ISSN = {0001-6969},
	MRCLASS = {05C15 (52A25)},
	MRNUMBER = {708798},
	MRREVIEWER = {J. Spencer},
	URL = {http://pub.acta.hu/acta/showCustomerArticle.action?id=12377&dataObjectType=article&returnAction=showCustomerVolume&sessionDataSetId=7bedb62ae745f2a0&style=}
}

@incollection{contessoto_et_al:LIPIcs.SoCG.2022.31,
	AUTHOR = {Contessoto, Marco and M\'{e}moli, Facundo and Stefanou, Anastasios and Zhou, Ling},
	TITLE = {Persistent cup-length},
	BOOKTITLE = {38th {I}nternational {S}ymposium on {C}omputational {G}eometry},
	%SERIES = {LIPIcs. Leibniz Int. Proc. Inform.},
	VOLUME = {224},
	PAGES = {Art. No. 31, 17},
	PUBLISHER = {Schloss Dagstuhl. Leibniz-Zent. Inform., Wadern},
	YEAR = {2022},
	MRCLASS = {55N31 (68U05)},
	MRNUMBER = {4470910},
	DOI = {10.4230/lipics.socg.2022.31},
	URL = {https://doi.org/10.4230/lipi	cs.socg.2022.31},
}

@phdthesis{zhou2023beyond,
	title={Beyond Persistent Homology: More Discriminative Persistent Invariants},
	author={Zhou, Ling},
	year={2023},
	school={The Ohio State University},
	url={http://rave.ohiolink.edu/etdc/view?acc_num=osu1689837764936381}
}

@article{huang2005cup,
	title={Cup products in computational topology},
	author={Huang, Jonathan},
	year={2005},
	publisher={Citeseer},
	url={https://citeseerx.ist.psu.edu/document?repid=rep1&type=pdf&doi=04b5ed449bff26197856c8ecb7dd4fbbf93ea846}
}

% This is not published, and not on arXiv
@phdthesis{yarmola2010persistence,
	title={Persistence and computation of the cup product},
	author={Yarmola, Andrew},
	advisor = {Mikael Vejdemo-Johansson},
	year={2010},
	school={Stanford University},
	type={Undergraduate honors thesis},
	URL = {https://web.math.princeton.edu/~yarmola/assets/pdf/cup_prod.pdf}
}

@article{herscovich2018higher,
	AUTHOR = {Herscovich, Estanislao},
	TITLE = {A higher homotopic extension of persistent (co)homology},
	JOURNAL = {J. Homotopy Relat. Struct.},
	FJOURNAL = {Journal of Homotopy and Related Structures},
	VOLUME = {13},
	YEAR = {2018},
	NUMBER = {3},
	PAGES = {599--633},
	ISSN = {2193-8407},
	MRCLASS = {55N35 (16E45 16W70 18G55 55U10)},
	MRNUMBER = {3856303},
	MRREVIEWER = {Timothy Porter},
	DOI = {10.1007/s40062-017-0195-x},
	URL = {https://doi.org/10.1007/s40062-017-0195-x},
}

@article{belchi2021a,
	title={{A-infinity Persistent Homology Estimates Detailed Topology from Point Cloud Datasets}},
	author={Belch{\'i}, Francisco and Stefanou, Anastasios},
	journal={Discrete \& Computational Geometry},
	pages={1--24},
	year={2021},
	publisher={Springer},
	doi ={10.1007/s00454-021-00319-y},
	URL = {https://doi.org/10.1007/s00454-021-00319-y}
}

@phdthesis{contreras2022persistent,
	AUTHOR = {Contreras, Luis G. Polanco},
	TITLE = {Applications of {P}ersistent {C}ohomology to {D}imensionality {R}eduction and {C}lassification {P}roblems},
	NOTE = {Thesis (Ph.D.)--Michigan State University},
	PUBLISHER = {ProQuest LLC, Ann Arbor, MI},
	YEAR = {2022},
	PAGES = {88},
	MRCLASS = {Thesis},
	MRNUMBER = {4435582},
	URL = {http://gateway.proquest.com/openurl?url_ver=Z39.88-2004&rft_val_fmt=info:ofi/fmt:kev:mtx:dissertation&res_dat=xri:pqm&rft_dat=xri:pqdiss:29206251},
}

@unpublished{barham2024group,
	author = {Benjamin Barham},
	title = {Personal communication},
	year = 2024
}

@inproceedings{chazal2009gromov,
	title={Gromov--Hausdorff stable signatures for shapes using persistence},
	author={Chazal, Fr{\'e}d{\'e}ric and Cohen-Steiner, David and Guibas, Leonidas J and M{\'e}moli, Facundo and Oudot, Steve Y},
	booktitle={Computer Graphics Forum},
	volume={28},
	number={5},
	pages={1393--1403},
	year={2009},
	doi = {10.1111/j.1467-8659.2009.01516.x},
	url = {https://doi.org/10.1111/j.1467-8659.2009.01516.x}
}

@article {adamaszek2017VietorisProduct,
	AUTHOR = {Adamaszek, Micha\l  and Adams, Henry},
	TITLE = {The {V}ietoris-{R}ips complexes of a circle},
	JOURNAL = {Pacific J. Math.},
	FJOURNAL = {Pacific Journal of Mathematics},
	VOLUME = {290},
	YEAR = {2017},
	NUMBER = {1},
	PAGES = {1--40},
	ISSN = {0030-8730},
	MRCLASS = {55P15 (05C20 05E45 55U10)},
	MRNUMBER = {3673078},
	MRREVIEWER = {Thomas H\"{u}ttemann},
	DOI = {10.2140/pjm.2017.290.1},
	URL = {https://doi.org/10.2140/pjm.2017.290.1},
}